@inproceedings{deng2019arcface,
  title={Arcface: Additive angular margin loss for deep face recognition},
  author={Deng, Jiankang and Guo, Jia and Xue, Niannan and Zafeiriou, Stefanos},
  booktitle={Proceedings of the IEEE/CVF conference on computer vision and pattern recognition},
  pages={4690--4699},
  year={2019}
}

@inproceedings{buolamwini2018gender,
  title={Gender shades: Intersectional accuracy disparities in commercial gender classification},
  author={Buolamwini, Joy and Gebru, Timnit},
  booktitle={Conference on fairness, accountability and transparency},
  pages={77--91},
  year={2018},
  organization={PMLR}
}

@techreport{grother2019demographic,
  title={Face recognition vendor test (FRVT) part 3: Demographic effects},
  author={Grother, Patrick and Ngan, Mei and Hanaoka, Kayee},
  year={2019},
  institution={National Institute of Standards and Technology}
}

@article{peterson2012eye,
  title={Looking just below the eyes is optimal across face recognition tasks},
  author={Peterson, Matthew F and Eckstein, Miguel P},
  journal={Proceedings of the National Academy of Sciences},
  volume={109},
  number={48},
  pages={E3314--E3323},
  year={2012},
  publisher={National Acad Sciences}
}

@techreport{nist2020masks,
  title={NIST Study Evaluates Effects of Race, Age, Sex on Face Recognition Software},
  author={NIST},
  year={2020},
  institution={National Institute of Standards and Technology}
}

@inproceedings{karras2019style,
  title={A style-based generator architecture for generative adversarial networks},
  author={Karras, Tero and Laine, Samuli and Aila, Timo},
  booktitle={Proceedings of the IEEE/CVF conference on computer vision and pattern recognition},
  pages={4401--4410},
  year={2019}
}

@article{ojala1996comparative,
  title={A comparative study of texture measures with classification based on featured distributions},
  author={Ojala, Timo and Pietik{\"a}inen, Matti and Harwood, David},
  journal={Pattern recognition},
  volume={29},
  number={1},
  pages={51--59},
  year={1996},
  publisher={Elsevier}
}

@article{raji2019actionable,
  title={Actionable auditing: Investigating the impact of publicly naming biased performance results of commercial AI products},
  author={Raji, Inioluwa Deborah and Buolamwini, Joy},
  journal={Proceedings of the 2019 AAAI/ACM Conference on AI, Ethics, and Society},
  pages={429--435},
  year={2019}
}

@misc{insightface,
  title={InsightFace: 2D and 3D Face Analysis Project},
  author={Guo, Jia and Deng, Jiankang and others},
  howpublished={\url{https://github.com/deepinsight/insightface}},
  year={2021}
}

@article{huang2007lfw,
  title={Labeled faces in the wild: A database for studying face recognition in unconstrained environments},
  author={Huang, Gary B and Ramesh, Manu and Berg, Tamara and Learned-Miller, Erik},
  journal={Technical Report 07-49, University of Massachusetts, Amherst},
  year={2007}
}